@Comment Dicas BibTeX
 - Não esquecer de "," no final de cada entrada (BibTeX não se queixa, apenas ignora daí para a frente)
 - {Xpto} pode ser alterado, {{Xpto}} é mantido literalmente
 - Tudo fora de zonas com (at) é ignorado

@inproceedings{posh,
  author = 	{Liu, W. and Tuck, J. and Ceze, L. and Ahn, W. and Strauss, K. and Renau, J. and Torrellas, J.},
  title = 	{POSH: a {TLS} compiler that exploits program structure},
  booktitle = 	{Proceedings of the 11th ACM SIGPLAN Symposium on Principles and Practice of Parallel Programming (PPoPP '06)},
  year = 	{2006},
  isbn = 	{1-59593-189-9},
  pages = 	{158--167},
  doi = 	{http://doi.acm.org/10.1145/1122971.1122997},
  publisher = 	{ACM Press},
}

@article{rev-com-spt,
  author = 	{Xiaoqi Yang and Qilong Zheng and Guoliang Chen and Zhen Yao},
  title = 	{Reverse Compilation for Speculative Parallel Threading},
  journal =	{Parallel and Distributed Computing Applications and Technologies, International Conference on},
  volume = 	{0},
  year = 	{2006},
  isbn = 	{},
  pages = 	{138-143},
  doi = 	{http://doi.ieeecomputersociety.org/10.1109/PDCAT.2006.94},
  publisher = 	{IEEE Computer Society},
  address = 	{Los Alamitos, CA, USA},
}

@inproceedings{mcstl,
  author = 	{Felix Putze and Peter Sanders and Johannes Singler},
  title = 	{MCSTL: the multi-core standard template library},
  booktitle = 	{Proceedings of the 12th ACM SIGPLAN Symposium on Principles and Practice of Parallel Programming (PPoPP '07)},
  year = 	{2007},
  isbn = 	{978-1-59593-602-8},
  pages = 	{144--145},
  location = 	{San Jose, California, USA},
  doi = 	{http://doi.acm.org/10.1145/1229428.1229458},
  publisher = 	{ACM Press},
 }

@conference{bridges2007rsp,
  title = 	{Revisiting the Sequential Programming Model for Multi-Core},
  author = 	{Bridges, M. and Vachharajani, N. and Zhang, Y. and Jablin, T. and August, D.},
  booktitle = 	{Proceedings of the 40th Annual IEEE/ACM International Symposium on Microarchitecture},
  pages = 	{69--84},
  year = 	{2007},
  organization = {IEEE Computer Society Washington, DC, USA},
}

@article{shavit1997stm,
  title = 	{{Software transactional memory}},
  author = 	{Shavit, N. and Touitou, D.},
  journal = 	{Distributed Computing},
  volume = 	{10},
  number = 	{2},
  pages = 	{99--116},
  year = 	{1997},
  publisher = 	{Springer},
}

@Misc{www:jvstm-lbh,
  key = 	{JVSTM},
  author = 	{Cachopo, J.},
  title = 	{{JVSTM - Java Versioned Software Transactional Memory}},
  year = 	{2008},
  note = 	{\\\url{http://web.ist.utl.pt/joao.cachopo/jvstm/}},
}

@Misc{www:devscp-lock,
  author = 	{{Linux Developer Network}},
  title =	{{Linux Kernel Programming Pitfalls, Locking}},
  url = 	{http://ldn.linuxfoundation.org/book/41-pitfalls},
  year = 	{2008},
}

@conference{herlihy1993tma,
  title = 	{Transactional memory: Architectural support for lock-free data structures},
  author = 	{Herlihy, M. and Moss, J.E.B.},
  booktitle = 	{Proceedings of the 20th Annual International Symposium on Computer Architecture},
  pages = 	{289--300},
  year = 	{1993},
  publisher = 	{ACM Press},
}

@Comment A referência seguinte parece-me melhor
conference{blume1994png,
  title = 	{Polaris: The Next Generation in Parallelizing Compilers},
  author = 	{Blume, B. and Eigenmann, R. and Faigin, K. and Grout, J. and Hoeflinger, J. and Padua, D. and Petersen, P. and Pottenger, B. and Rauchwerger, L. and Tu, P. and others},
  booktitle = 	{Proceedings of the Seventh Workshop on Languages and Compilers for Parallel Computing},
  year = 	{1994},
}

@article{blume1996parallel,
  title = 	{Parallel programming with {Polaris}},
  author = 	{Blume, W. and Doallo, R. and Eigenmann, R. and Grout, J. and Hoeflinger, J. and
Lawrence, T.},
  journal = 	{Computer},
  volume = 	{29},
  number = 	{12},
  pages = 	{78--82},
  year = 	{1996},
  publisher = 	{IEEE},
}

@article{chen2003jsd,
  author = 	{Chen, M. and Olukotun, K.},
  title = 	{The {Jrpm} system for dynamically parallelizing {Java} programs},
  journal = 	{ACM SIGARCH Computer Architecture News},
  volume = 	{31},
  number = 	{2},
  year = 	{2003},
  issn = 	{0163-5964},
  pages = 	{434--446},
  numpages = 	{13},
  doi = 	{10.1145/871656.859668},
  acmid = 	{859668},
  publisher = 	{ACM Press},
}

@conference{rajwar2005vtm,
  title = 	{{Virtualizing transactional memory}},
  author = 	{Rajwar, R. and Herlihy, M. and Lai, K.},
  booktitle = 	{Computer Architecture, 2005. ISCA'05. Proceedings. 32nd International Symposium on},
  pages = 	{494--505},
  year = 	{2005},
}

@inproceedings{herlihy2003stm,
  author = 	{Herlihy, M. and Luchangco, V. and Moir, M. and Scherer III, W.},
  title = 	{Software transactional memory for dynamic-sized data structures},
  booktitle = 	{Proceedings of the 22nd Annual Symposium on Principles of Distributed Computing (PODC '03)},
  year = 	{2003},
  isbn = 	{1-58113-708-7},
  location = 	{Boston, Massachusetts},
  pages = 	{92--101},
  numpages = 	{10},
  url = 	{http://doi.acm.org/10.1145/872035.872048},
  doi = 	{10.1145/872035.872048},
  acmid = 	{872048},
  publisher = 	{ACM Press},
}

@conference{damron2006htm,
  title = 	{{Hybrid transactional memory}},
  author = 	{Damron, P. and Fedorova, A. and Lev, Y. and Luchangco, V. and Moir, M. and Nussbaum, D.},
  booktitle = 	{Proceedings of the 2006 ASPLOS Conference},
  volume = 	{41},
  number = 	{11},
  pages = 	{336--346},
  year = 	{2006},
  organization = {ACM},
}

@article{csanky1976fpm,
  title = 	{{Fast Parallel Matrix Inversion Algorithms}},
  author = 	{Csanky, L.},
  journal = 	{SIAM J. Comput.},
  volume = 	{5},
  number = 	{4},
  pages = 	{618--623},
  year = 	{1976},
}

@PhdThesis{cachopo2007phd,
  author = 	{João Cachopo},
  title = 	{Development of Rich Domain Models with Atomic Actions},
  school = 	{Technical University of Lisbon},
  year = 	{2007},
}

@book{lindholm1999jvm,
  title = 	{{Java Virtual Machine Specification}},
  author = 	{Lindholm, T. and Yellin, F.},
  year = 	{1999},
  publisher = 	{Addison-Wesley Longman Publishing Co., Inc. Boston, MA, USA},
}

@book{arnold1998jpl,
  title = 	{{The Java programming language}},
  author = 	{Arnold, K. and Gosling, J.},
  year = 	{1998},
}

@article{manson:jmm,
  title = 	{{The Java Memory Model}},
  author = 	{Manson, J. and Pugh, W. and Adve, S.V.},
}

@techreport{goetz:otc,
  title = 	{{Optimistic thread concurrency: Breaking the scale barrier}},
  author = 	{Goetz, B.},
  institution = {Technical Report AWP-011-010, Azul Systems, Inc., Mountain View, CA, USA, Jan. 2006},
}

@conference{carlstrom2005tej,
  title = 	{{Transactional Execution of Java Programs}},
  author = 	{Carlstrom, B.D. and Chung, J. and Chafi, H. and McDonald, A. and Minh, C.C. and Hammond, L. and Kozyrakis, C. and Olukotun, K.},
  booktitle = 	{OOPSLA 2005 Workshop on Synchronization and Concurrency in Object-Oriented Languages (SCOOL)},
  year = 	{2005},
}

@conference{oplinger1999search,
  title = 	{In search of speculative thread-level parallelism},
  author = 	{Oplinger, J.T. and Heine, D.L. and Lam, M.S.},
  booktitle = 	{8th International Conference on Parallel Architectures and Compilation Techniques (PACT-1999)},
  pages = 	{303--313},
  year = 	{1999},
  organization = {IEEE},
}

@conference{carlstrom2006atp,
  title = 	{{The Atomos transactional programming language}},
  author = 	{Carlstrom, B.D. and McDonald, A. and Chafi, H. and Chung, J.W. and Minh, C.C. and Kozyrakis, C. and Olukotun, K.},
  booktitle = 	{Proceedings of the 2006 PLDI Conference},
  volume = 	{41},
  number = 	{6},
  pages = 	{1--13},
  year = 	{2006},
  organization = {ACM},
}

@article{alpern2000jvm,
  title = 	{{The Jalape{\~n}o virtual machine}},
  author = 	{Alpern, B. and Attanasio, CR and Barton, JJ and Burke, MG and Cheng, P. and Choi, J.D. and Cocchi, A. and Fink, SJ and Grove, D. and Hind, M. and others},
  journal = 	{IBM Journal of Research and Development},
  volume = 	{39},
  number = 	{1},
  pages = 	{211},
  year = 	{2000},
}

@conference{mcdonald2005ctc,
  title = 	{{Characterization of TCC on Chip-Multiprocessors}},
  author = 	{McDonald, A. and Chung, J.W. and Chafi, H. and Minh, C.C. and Carlstrom, BD and Hammond, L. and Kozyrakis, C. and Olukotun, K.},
  booktitle = 	{14th International Conference on Parallel Architectures and Compilation Techniques (PACT-2005)},
  pages = 	{63--74},
  year = 	{2005},
}

@inproceedings{saha2006msh,
  author = 	{Saha, B. and Adl-Tabatabai, A. and Hudson, R. and Minh, C. and Hertzberg, B.},
  title = 	{{McRT-STM}: a high performance software transactional memory system for a multi-core runtime},
  booktitle = 	{Proceedings of the 11th ACM SIGPLAN Symposium on Principles and Practice of Parallel Programming (PPoPP '06)},
  year = 	{2006},
  isbn = 	{1-59593-189-9},
  location = 	{New York, New York, USA},
  pages = 	{187--197},
  numpages = 	{11},
  url = 	{http://doi.acm.org/10.1145/1122971.1123001},
  doi = 	{10.1145/1122971.1123001},
  acmid = 	{1123001},
  publisher = 	{ACM Press},
}

@article{bruneton2002acm,
  title = 	{{ASM: a code manipulation tool to implement adaptable systems}},
  author = 	{Bruneton, E. and Lenglet, R. and Coupaye, T.},
  journal = 	{Adaptable and extensible component systems},
  year = 	{2002},
}

@article{bracha2004gjp,
  title = 	{{Generics in the Java programming language}},
  author = 	{Bracha, G.},
  journal = 	{Sun Microsystems, java. sun. com},
  year = 	{2004},
}

@conference{lea2000jfj,
  title = 	{{A Java fork/join framework}},
  author = 	{Lea, D.},
  booktitle = 	{Proceedings of the ACM 2000 conference on Java Grande},
  pages = 	{36--43},
  year = 	{2000},
  organization = {ACM},
}

@conference{danaher2005jlm,
  title = 	{The JCilk language for multithreaded computing},
  author = 	{Danaher, J. and Lee, I. and Leiserson, C.},
  booktitle = 	{OOPSLA 2005 Workshop on Synchronization and Concurrency in Object-Oriented Languages (SCOOL)},
  year = 	{2005},
}

@article{welc2005sfj,
  author = 	{Welc, A. and Jagannathan, S. and Hosking, A.},
  title = 	{Safe futures for {Java}},
  journal = 	{ACM SIGPLAN Notices},
  volume = 	{40},
  number = 	{10},
  year = 	{2005},
  issn = 	{0362-1340},
  pages = 	{439--453},
  numpages = 	{15},
  url = 	{http://doi.acm.org/10.1145/1103845.1094845},
  doi = 	{10.1145/1103845.1094845},
  acmid = 	{1094845},
  publisher = 	{ACM Press},
}

clean
@article{Wilson:1994aa,
  author = 	{Wilson, R. and French, R. and Wilson, C. and Amarasinghe, S. and Anderson, J. and Tjiang, S. and Liao, S. and Tseng, C. and Hall, M. and Lam, M. and Hennessy, J.},
  Doi = 	{http://doi.acm.org/10.1145/193209.193217},
  Issn = 	{0362-1340},
  Journal = 	{ACM SIGPLAN Notices},
  Number = 	{12},
  Pages = 	{31--37},
  Publisher = 	{ACM Press},
  Title = 	{{SUIF}: An infrastructure for research on parallelizing and optimizing compilers},
  Volume = 	{29},
  Year = 	{1994},
  Bdsk-Url-1 = 	{http://doi.acm.org/10.1145/193209.193217},
}

@article{Wolfe:1987aa,
  Address = 	{Norwell, MA, USA},
  Author = 	{Michael Wolfe and Utpal Banerjee},
  Date-Added = 	{2009-02-01 16:09:17 +0000},
  Date-Modified = {2009-02-01 16:12:01 +0000},
  Doi = 	{http://dx.doi.org/10.1007/BF01379099},
  Issn = 	{0885-7458},
  Journal = 	{International Journal of Parallel Programming},
  Number = 	{2},
  Pages = 	{137--178},
  Publisher = 	{Kluwer Academic Publishers},
  Title = 	{Data dependence and its application to parallel processing},
  Volume = 	{16},
  Year = 	{1987},
  Bdsk-Url-1 = 	{http://dx.doi.org/10.1007/BF01379099},
}

@article{allen2005fortress,
  title = 	{{The Fortress language specification}},
  author = 	{Allen, E. and Chase, D. and Luchangco, V. and Maessen, J.W. and Ryu, S. and Steele Jr, G.L. and Tobin-Hochstadt, S. and Dias, J. and Eastlund, C. and Flood, C. and others},
  journal = 	{Sun Microsystems},
  volume = 	{139},
  pages = 	{140},
  year = 	{2005},
}

@article{steele2006parallel,
  title = 	{Parallel programming and parallel abstractions in fortress},
  author = 	{Steele, G.},
  journal = 	{Lecture Notes in Computer Science},
  volume = 	{3945},
  pages = 	{1},
  year = 	{2006},
  publisher = 	{Springer-Verlag},
}

@conference{charles2005x10,
  title =	{{X10: an object-oriented approach to non-uniform cluster computing}},
  author = 	{Charles, P. and Saraswat, V. and Donawa, C. and Kielstra, A. and Ebcioglu, K. and von Praun, C. and Sarkar, V.},
  booktitle = 	{Proceedings of the 20th annual ACM SIGPLAN conference on Object oriented programming systems languages and applications},
  volume = 	{40},
  number = 	{10},
  pages = 	{519--538},
  year = 	{2005},
  organization = {ACM},
}

@techreport{cray2009chapel,
  title = 	{{Chapel Language Specification 0.782}},
  author = 	{{Cray Inc}},
  year = 	{2009},
}

@article{chamberlain2007parallel,
  title = 	{{Parallel programmability and the Chapel language}},
  author = 	{Chamberlain, BL and Callahan, D. and Zima, HP},
  journal = 	{International Journal of High Performance Computing Applications},
  volume = 	{21},
  number = 	{3},
  pages = 	{291},
  year = 	{2007},
}

@book{liang1999java,
  title = 	{{The Java native interface: programmer's guide and specification}},
  author = 	{Liang, S.},
  year = 	{1999},
  publisher = 	{Addison-Wesley Professional},
}

@techreport{anjo2009multicore,
  author =	{Ivo Anjo and João Cachopo},
  title =	{Running Legacy Applications on Multicore Machines},
  institution = {INESC-ID},
  number =	{8},
  year =	{2009},
  month =	{January},
}

@article{moss2006nested,
  author = 	{Moss, J. and Hosking, A.},
  title = 	{Nested transactional memory: {Model} and architecture sketches},
  journal = 	{Science of Computer Programming},
  volume = 	{63},
  number = 	{2},
  year = 	{2006},
  issn = 	{0167-6423},
  pages = 	{186--201},
  doi = 	{http://dx.doi.org/10.1016/j.scico.2006.05.010},
  publisher = 	{Elsevier North-Holland, Inc.},
  address = 	{Amsterdam, The Netherlands, The Netherlands},
}

@article{blumofe1999scheduling,
  title = 	{{Scheduling multithreaded computations by work stealing}},
  author = 	{Blumofe, R.D. and Leiserson, C.E.},
  journal = 	{Journal of the ACM (JACM)},
  volume = 	{46},
  number = 	{5},
  pages = 	{720--748},
  year = 	{1999},
  publisher = 	{ACM Press},
}

@article{lipasti1996value,
  title = 	{{Value locality and load value prediction}},
  author = 	{Lipasti, M.H. and Wilkerson, C.B. and Shen, J.P.},
  journal = 	{ACM SIGOPS Operating Systems Review},
  volume = 	{30},
  number = 	{5},
  pages = 	{138--147},
  year = 	{1996},
  publisher = 	{ACM Press},
}

@article{mukhi-survey,
  title = 	{{Survey Open-Source JVMs}},
  author = 	{Mukhi, S. and Rottstädt, N.},
}

@conference{mathew1999analysis,
  title = 	{{Analysis and development of Java Grande benchmarks}},
  author = 	{Mathew, JA and Coddington, PD and Hawick, KA},
  booktitle = 	{Proceedings of the ACM 1999 conference on Java Grande},
  pages = 	{72--80},
  year = 	{1999},
  organization = {ACM},
}

@article{bull2000benchmark,
  title = 	{{A benchmark suite for high performance Java}},
  author = 	{Bull, J.M. and Smith, LA and Westhead, MD and Henty, DS and Davey, RA},
  journal = 	{Concurrency Practice and Experience},
  volume = 	{12},
  number = 	{6},
  pages = 	{375--388},
  year = 	{2000},
  publisher =	{John Wiley \& Sons, Ltd.},
  issn = 	{1096-9128},
  url = 	{http://dx.doi.org/10.1002/1096-9128(200005)12:6<375::AID-CPE480>3.0.CO;2-M},
  doi = 	{10.1002/1096-9128(200005)12:6<375::AID-CPE480>3.0.CO;2-M},
  keywords = 	{Java, JVM, benchmarking, high performance},
}

@conference{dragojevic2008dividing,
  title = 	{{Dividing transactional memories by zero}},
  author = 	{Dragojević, A. and Guerraoui, R. and Kapałka, M.},
  booktitle = 	{Proceedings of the 3rd ACM SIGPLAN Workshop on Transactional Computing, Salt Lake City, UT},
  year = 	{2008},
}

@article{herlihy1990linearizability,
  author = 	{Herlihy, M. and Wing, J.},
  title = 	{Linearizability: a correctness condition for concurrent objects},
  journal = 	{ACM Transactions on Programming Languages and Systems},
  volume = 	{12},
  number = 	{3},
  year = 	{1990},
  issn = 	{0164-0925},
  pages = 	{463--492},
  numpages = 	{30},
  url = 	{http://doi.acm.org/10.1145/78969.78972},
  doi = 	{10.1145/78969.78972},
  acmid = 	{78972},
  publisher = 	{ACM Press},
}

@conference{blundell2005deconstructing,
  title = 	{Deconstructing transactional semantics: The subtleties of atomicity},
  author = 	{Blundell, C. and Lewis, E. and Martin, M.},
  booktitle = 	{Workshop on Duplicating, Deconstructing, and Debunking (WDDD 2005)},
  pages = 	{48--55},
  year = 	{2005},
}

@article{blundell2006subtleties,
  author = 	{Blundell, C. and Lewis, E. and Martin, M.},
  journal = 	{Computer Architecture Letters},
  title = 	{Subtleties of Transactional Memory Atomicity Semantics},
  year = 	{2006},
  volume = 	{5},
  number = 	{2},
  pages = 	{17},
  doi = 	{10.1109/L-CA.2006.18},
  ISSN = 	{1556-6056},
  publisher = 	{IEEE},
}

@inproceedings{korland2010ncj,
  title = 	{Noninvasive concurrency with {Java STM}},
  author = 	{Korland, G. and Shavit, N. and Felber, P.},
  booktitle = 	{Third Workshop on Programmability Issues for Multi-Core Computers (MULTIPROG-3)},
  year = 	{2010},
}

@article{moss1981nested,
  title = 	{{Nested transactions: an approach to reliable distributed computing}},
  author = 	{Moss, EB},
  year = 	{1981},
  publisher = 	{Massachusetts Institute of Technology Cambridge, MA, USA},
}

@article{moss2005nested,
  title = 	{{Nested Transactional Memory: Model and Preliminary Architecture Sketches}},
  author = 	{Moss, J.E.B. and Hosking, A.L.},
  journal = 	{SCOOL 05},
  pages = 	{39},
  year = 	{2005},
}

@article{dice2006transactional,
  title = 	{Transactional locking {II}},
  author = 	{Dice, D. and Shalev, O. and Shavit, N.},
  journal = 	{Distributed Computing},
  pages = 	{194--208},
  year = 	{2006},
  publisher = 	{Springer},
}

@inproceedings{anjo2009jaspex,
  title = 	{{JaSPEx}: Speculative parallel execution of {Java} applications},
  author = 	{Anjo, I. and Cachopo, J.},
  booktitle = 	{Proceedings of the Simpósio de Informática (INFORUM 2009)},
  year = 	{2009},
  location = 	{Lisbon, Portugal},
  organization = {Faculdade de Ciências da Universidade de Lisboa},
}

@article{kulkarni2009much,
  title = 	{{How much parallelism is there in irregular applications?}},
  author = 	{Kulkarni, M. and Burtscher, M. and Inkulu, R. and Pingali, K. and Cascaval, C.},
  journal = 	{ACM SIGPLAN Notices},
  volume = 	{44},
  number = 	{4},
  pages = 	{3--14},
  year = 	{2009},
  publisher = 	{ACM Press},
}

clean
@inproceedings{afek2011lowering,
  author = 	{Afek, Y. and Korland, G. and Zilberstein, A.},
  title = 	{Lowering {STM} overhead with static analysis},
  booktitle = 	{Proceedings of the 23rd International Conference on Languages and Compilers for Parallel Computing (LCPC 2010)},
  year = 	{2011},
  isbn = 	{978-3-642-19594-5},
  location = 	{Houston, TX},
  pages = 	{31--45},
  numpages = 	{15},
  url = 	{http://dl.acm.org/citation.cfm?id=1964536.1964539},
  acmid = 	{1964539},
  publisher = 	{Springer-Verlag},
}

clean
@inproceedings{pickett2006software,
  author = 	{Pickett, C. and Verbrugge, C.},
  title = 	{Software thread level speculation for the {Java} language and virtual machine environment},
  booktitle = 	{Proceedings of the 18th International Conference on Languages and Compilers for Parallel Computing (LCPC 2005)},
  year = 	{2006},
  isbn = 	{3-540-69329-7, 978-3-540-69329-1},
  location = 	{Hawthorne, NY},
  pages = 	{304--318},
  numpages = 	{15},
  doi = 	{10.1007/978-3-540-69330-7_21},
  acmid = 	{2081917},
  publisher = 	{Springer-Verlag},
}

clean
@inproceedings{spear2009fastpath,
  title = 	{Fastpath speculative parallelization},
  author = 	{Spear, M. and Kelsey, K. and Bai, T. and Dalessandro, L. and others},
  booktitle = 	{Proceedings of the 22nd International Conference on Languages and Compilers for Parallel Computing (LCPC 2009)},
  year = 	{2010},
  isbn = 	{3-642-13373-8, 978-3-642-13373-2},
  location = 	{Newark, DE},
  pages = 	{338--352},
  numpages = 	{15},
  doi = 	{10.1007/978-3-642-13374-9_23},
  acmid = 	{2155270},
  publisher = 	{Springer-Verlag},
}

@conference{couceiro2009d2stm,
  title = 	{{D2STM: Dependable distributed software transactional memory}},
  author = 	{Couceiro, M. and Romano, P. and Carvalho, N. and Rodrigues, L.},
  booktitle = 	{Dependable Computing, 2009. PRDC'09. 15th IEEE Pacific Rim International Symposium on},
  pages = 	{307--313},
  year = 	{2009},
  organization = {IEEE},
}

@conference{manassiev2006exploiting,
  title = 	{{Exploiting distributed version concurrency in a transactional memory cluster}},
  author = 	{Manassiev, K. and Mihailescu, M. and Amza, C.},
  booktitle = 	{Proceedings of the 11th ACM SIGPLAN Symposium on Principles and Practice of Parallel Programming (PPoPP '06)},
  pages = 	{198--208},
  isbn = 	{1595931899},
  year = 	{2006},
  organization = {ACM},
}

@conference{kotselidis2008distm,
  title = 	{{Distm: A software transactional memory framework for clusters}},
  author = 	{Kotselidis, C. and Ansari, M. and Jarvis, K. and Luj{\'a}n, M. and Kirkham, C. and Watson, I.},
  booktitle = 	{Parallel Processing, 2008. ICPP'08. 37th International Conference on},
  pages = 	{51--58},
  issn = 	{0190-3918},
  year = 	{2008},
  organization = {IEEE},
}

@conference{bocchino2008software,
  title = 	{{Software transactional memory for large scale clusters}},
  author = 	{Bocchino, R.L. and Adve, V.S. and Chamberlain, B.L.},
  booktitle = 	{Proceedings of the 13th ACM SIGPLAN Symposium on Principles and Practice of Parallel Programming (PPoPP '08)},
  pages = 	{247--258},
  year = 	{2008},
  organization = {ACM},
}

@article{gropp1999using,
  title = 	{{Using MPI: portable parallel programming with the message passing interface}},
  author = 	{Gropp, W. and Lusk, E. and Skjellum, A.},
  year = 	{1999},
}

@Misc{banjgroups,
  author =      {Ban, B. and others},
  title = 	{{JGroups, a toolkit for reliable multicast communication}},
  note =        {\url{http://www.jgroups.org}},
}

clean
@inproceedings{oancea2009lightweight,
  author = 	{Oancea, C. and Mycroft, A. and Harris, T.},
  title = 	{A lightweight in-place implementation for software thread-level speculation},
  booktitle = 	{Proceedings of the 21st Annual Symposium on Parallelism in Algorithms and Architectures (SPAA '09)},
  year = 	{2009},
  isbn = 	{978-1-60558-606-9},
  location = 	{Calgary, AB, Canada},
  pages = 	{223--232},
  numpages = 	{10},
  doi = 	{10.1145/1583991.1584050},
  acmid = 	{1584050},
  publisher = 	{ACM Press},
}

@article{raman2010speculative,
  author = 	{Raman, A. and Kim, H. and Mason, T. and Jablin, T. and August, D.},
  title = 	{Speculative parallelization using software multi-threaded transactions},
  journal = 	{ACM SIGPLAN Notices},
  volume = 	{45},
  number = 	{3},
  year = 	{2010},
  issn = 	{0362-1340},
  pages = 	{65--76},
  numpages = 	{12},
  url = 	{http://doi.acm.org/10.1145/1735971.1736030},
  doi = 	{10.1145/1735971.1736030},
  acmid = 	{1736030},
  publisher = 	{ACM Press},
}

clean
@inproceedings{yoo2008helper,
  title = 	{Helper Transactions: Enabling Thread-Level Speculation via A Transactional Memory
System},
  author = 	{Yoo, R. and Lee, H.},
  booktitle = 	{2008 Workshop on Parallel Execution of Sequential Programs on Multi-core Architectures (PESPMA 2008)},
  pages = 	{63--71},
  year = 	{2008},
}

@article{ni2008design,
  author = 	{Ni, Y. and Welc, A. and Adl-Tabatabai, A. and Bach, M. and Berkowits, S. and Cownie, J. and Geva, R. and Kozhukow, S. and Narayanaswamy, R. and Olivier, J. and Preis, S. and Saha, B. and Tal, A. and Tian, X.},
  title = 	{Design and implementation of transactional constructs for {C/C++}},
  journal = 	{ACM SIGPLAN Notices},
  volume = 	{43},
  number = 	{10},
  year = 	{2008},
  issn = 	{0362-1340},
  pages = 	{195--212},
  numpages = 	{18},
  url = 	{http://doi.acm.org/10.1145/1449955.1449780},
  doi = 	{10.1145/1449955.1449780},
  acmid = 	{1449780},
  publisher = 	{ACM Press},
}

@conference{fernandes2010scalable,
  title = 	{{A scalable and efficient commit algorithm for the JVSTM}},
  author = 	{Fernandes, S. and Cachopo, J.},
  booktitle = 	{Proceedings of the 5th ACM SIGPLAN Workshop on Transactional Computing},
  year = 	{2010},
}

@inproceedings{fernandes2011lock,
  author = 	{Fernandes, S. and Cachopo, J.},
  title = 	{Lock-free and scalable multi-version software transactional memory},
  booktitle = 	{Proceedings of the 16th ACM SIGPLAN Symposium on Principles and Practice of Parallel Programming (PPoPP '11)},
  year = 	{2011},
  isbn = 	{978-1-4503-0119-0},
  location = 	{San Antonio, TX, USA},
  pages = 	{179--188},
  numpages = 	{10},
  url = 	{http://doi.acm.org/10.1145/1941553.1941579},
  doi = 	{10.1145/1941553.1941579},
  acmid = 	{1941579},
  publisher = 	{ACM Press},
}

clean
@article{mehrara2009parallelizing,
  title = 	{{Parallelizing sequential applications on commodity hardware using a low-cost software transactional memory}},
  author = 	{Mehrara, M. and Hao, J. and Hsu, P.C. and Mahlke, S.},
  journal = 	{ACM SIGPLAN Notices},
  volume = 	{44},
  number = 	{6},
  pages = 	{166--176},
  issn = 	{0362-1340},
  year = 	{2009},
  publisher = 	{ACM Press},
}

@article{bronson9ccstm,
  title = 	{{CCSTM: A library-based STM for Scala}},
  author = 	{Bronson, N.G. and Chafi, H. and Olukotun, K.},
}

@misc{lea2005jsr,
  title = 	{{The JSR-133 cookbook for compiler writers}},
  author = 	{Lea, D.},
  year = 	{2005},
  note = 	{\url{http://g.oswego.edu/dl/jmm/cookbook.html}},
}

@inproceedings{dragojevic2009stretching,
  title = 	{Stretching transactional memory},
  author = 	{Dragojevi{\'c}, A. and Guerraoui, R. and Kapalka, M.},
  booktitle = 	{ACM SIGPLAN Notices},
  volume = 	{44},
  number = 	{6},
  pages = 	{155--165},
  year = 	{2009},
  organization = {ACM},
}

@article{herlihy2006flexible,
  title = 	{A flexible framework for implementing software transactional memory},
  author = 	{Herlihy, M. and Luchangco, V. and Moir, M.},
  journal = 	{ACM SIGPLAN Notices},
  volume = 	{41},
  number = 	{10},
  pages = 	{253--262},
  year = 	{2006},
  publisher = 	{ACM Press},
}

@inproceedings{carvalho2008versioned,
  title = 	{Versioned transactional shared memory for the FenixEDU web application},
  author = 	{Carvalho, N. and Cachopo, J. and Rodrigues, L. and Silva, A.R.},
  booktitle = 	{Proceedings of the 2nd workshop on Dependable distributed data management},
  pages = 	{15--18},
  year = 	{2008},
  organization = {ACM},
}

@article{fraser2007concurrent,
  author = 	{Fraser, Keir and Harris, Tim},
  title = 	{Concurrent programming without locks},
  journal = 	{ACM Transactions on Computer Systems},
  volume = 	{25},
  issue = 	{2},
  year = 	{2007},
  issn = 	{0734-2071},
  articleno = 	{5},
  doi = 	{http://doi.acm.org/10.1145/1233307.1233309},
  acmid = 	{1233309},
  publisher = 	{ACM Press},
}

@inproceedings{Guerraoui:2008:CTM,
  author = 	{Guerraoui, R. and Kapałka, M.},
  booktitle = 	{Proceedings of the 13th ACM SIGPLAN Symposium on Principles and Practice of Parallel Programming (PPoPP '08)},
  Doi = 	{http://doi.acm.org/10.1145/1345206.1345233},
  Isbn = 	{978-1-59593-795-7},
  Location = 	{Salt Lake City, UT, USA},
  Pages = 	{175--184},
  Publisher = 	{ACM Press},
  Title = 	{On the correctness of transactional memory},
  Year = 	{2008},
}

@mastersthesis{Anjo2009thesis,
  author = 	{Anjo, I.},
  school = 	{Instituto Superior Técnico},
  title = 	{{JaSPEx}: Speculative Parallelization on the {Java} Platform},
  year = 	{2009},
}

@article{sutter2005software,
  title = 	{Software and the concurrency revolution},
  author = 	{Sutter, H. and Larus, J.},
  journal = 	{Queue},
  volume = 	{3},
  number = 	{7},
  pages = 	{54--62},
  year = 	{2005},
  publisher = 	{ACM Press},
}

@Misc{cclick2011,
  author =      {Click, C.},
  title = 	{{A JVM Does That???}},
  year = 	{2010},
  url = 	{http://www.azulsystems.com/resources/presentations/a_jvm_does_that},
}

@Misc{www:javaflow,
  author = 	{{The Apache Software Foundation}},
  title = 	{{Apache Commons Javaflow}},
  year = 	{2009},
  url = 	{http://commons.apache.org/sandbox/javaflow/},
}

@conference{hiroshi2010,
  title = 	{Continuations In Servers},
  year = 	{2010},
  author = 	{Yamauchi, H.},
  booktitle = 	{JVM Language Summit 2010},
}

@inproceedings{stadler2010efficient,
  author = 	{Stadler, L. and W\"{u}rthinger, T. and Wimmer, C.},
  title = 	{Efficient coroutines for the {Java} platform},
  booktitle = 	{8th International Conference on Principles and Practice of Programming in Java (PPPJ 2010)},
  year = 	{2010},
  isbn = 	{978-1-4503-0269-2},
  location = 	{Vienna, Austria},
  pages = 	{20--28},
  numpages = 	{9},
  url = 	{http://doi.acm.org/10.1145/1852761.1852765},
  doi = 	{10.1145/1852761.1852765},
  acmid = 	{1852765},
  publisher = 	{ACM Press},
}

@inproceedings{stadler2009continuations,
  author = 	{Stadler, L. and Wimmer, C. and W\"{u}rthinger, T. and M\"{o}ssenb\"{o}ck, H. and Rose, J.},
  title = 	{Lazy continuations for {Java} virtual machines},
  booktitle = 	{7th International Conference on Principles and Practice of Programming in Java (PPPJ 2009)},
  year = 	{2009},
  isbn = 	{978-1-60558-598-7},
  location = 	{Calgary, Alberta, Canada},
  pages = 	{143--152},
  numpages = 	{10},
  doi = 	{10.1145/1596655.1596679},
  acmid = 	{1596679},
  publisher = 	{ACM Press},
}

@inproceedings{anjo2010pppj,
  author = 	{Ivo Anjo and João Cachopo},
  booktitle = 	{8th International Conference on Principles and Practice of Programming in Java (PPPJ 2010)},
  organization = {Vienna University of Technology},
  title = 	{{RuLAM Project}: Speculative Parallelization for {Java} using Software
Transactional Memory [Extended abstract]},
  year =	{2010},
}

@inproceedings{click2005pauseless,
  title = 	{The pauseless GC algorithm},
  author = 	{Click, C. and Tene, G. and Wolf, M.},
  booktitle = 	{Proceedings of the 1st ACM/USENIX international conference on Virtual Execution Environments},
  pages = 	{46--56},
  year = 	{2005},
  organization = {ACM},
}

@inproceedings{click2009azul,
  title = 	{Azul’s experiences with hardware transactional memory},
  author = 	{Click, C.},
  booktitle = 	{HP Labs-Bay Area Workshop on Transactional Memory},
  year = 	{2009},
}

@inproceedings{bluegene2011spec,
  title = 	{Hardware Support for Transactional Memory and Thread-Level Speculation in the {IBM
Blue Gene/Q} System},
  author = 	{Ohmacht, M. and {IBM Blue Gene/Q Team}},
  booktitle = 	{2011 Workshop on Wild and Sane Ideas in Speculation and Transactions},
  year = 	{2011},
}

@misc{iccautoparallel,
  author = 	{{Intel Corporation}},
  title = 	{Automatic Parallelization with {Intel®} Compilers},
  url = 	{http://software.intel.com/file/39655},
  year = 	{2010},
}

@article{harris2010transactional,
  title = 	{Transactional Memory, 2nd edition},
  author = 	{Harris, T. and Larus, J. and Rajwar, R.},
  journal = 	{Synthesis Lectures on Computer Architecture},
  volume = 	{5},
  number = 	{1},
  year = 	{2010},
  publisher = 	{Morgan \& Claypool Publishers},
}

@inproceedings{Marathe:2004:DTM:1066650.1066660,
  author = 	{Marathe, V. and Scherer III, W. and Scott, M.},
  title = 	{Design tradeoffs in modern software transactional memory systems},
  booktitle = 	{Proceedings of the 7th Workshop on Languages, Compilers, and Run-time Support for Scalable Systems (LCR '04)},
  year = 	{2004},
  location = 	{Houston, Texas},
  pages = 	{1--7},
  numpages = 	{7},
  doi = 	{http://doi.acm.org/10.1145/1066650.1066660},
  acmid = 	{1066660},
  publisher = 	{ACM Press},
}

@article{marathe2004qualitative,
  title = 	{A qualitative survey of modern software transactional memory systems},
  author = 	{Marathe, V.J. and Scott, M.L.},
  journal = 	{University of Rochester Computer Science Dept., Tech. Rep},
  year = 	{2004},
}

@techreport{fraser2004practical,
  title = 	{Practical lock-freedom},
  author = 	{Fraser, K. and Harris, T.},
  year = 	{2004},
}

@inproceedings{Riegel:Making:transact:2008,
  author = 	{Riegel, Torvald and Brum, Diogo B. D.},
  title = 	{Making Object-Based {STM} Practical in Unmanaged Environments},
  booktitle = 	{TRANSACT~'08: 3rd Workshop on Transactional Computing},
  pdf = 	{http://www.unine.ch/transact08/papers/Riegel-Making.pdf},
  year = 	{2008},
}

@inproceedings{wilkinson2008speculative,
  title = 	{Speculative Multithreading: An Object-Driven Approach},
  author = 	{Wilkinson, S. and Watson, I.},
  booktitle = 	{2008 Workshop on Parallel Execution of Sequential Programs on Multi-core Architectures (PESPMA 2008)},
  pages = 	{81--88},
  year = 	{2008},
}

@inproceedings{pickett2004return,
  title = 	{Return value prediction in a {Java} virtual machine},
  author = 	{Pickett, C.J.F. and Verbrugge, C.},
  booktitle = 	{Proceedings of the 2nd Value-Prediction and Value-Based Optimization Workshop (VPW2)},
  pages = 	{40--47},
  year = 	{2004},
}

@inproceedings{baugh2008analysis,
  title = 	{An analysis of {I/O} and syscalls in critical sections and their implications for
transactional memory},
  author = 	{Baugh, L. and Zilles, C.},
  booktitle = 	{International Symposium on Performance Analysis of Systems and Software (ISPASS 2008)},
  pages = 	{54--62},
  year = 	{2008},
  organization = {IEEE},
}

@inproceedings{rountev2010understanding,
  title = 	{Understanding parallelism-inhibiting dependences in sequential {Java} programs},
  author = 	{Rountev, A. and Van Valkenburgh, K. and Yan, D. and Sadayappan, P.},
  booktitle = 	{International Conference on Software Maintenance (ICSM 2010)},
  pages = 	{1--9},
  year = 	{2010},
  organization = {IEEE},
}

@inproceedings{chen1998exploiting,
  title = 	{Exploiting method-level parallelism in single-threaded {Java} programs},
  author = 	{Chen, M.K. and Olukotun, K.},
  booktitle = 	{7th International Conference on Parallel Architectures and Compilation Techniques (PACT-1998)},
  pages = 	{176--184},
  year = 	{1998},
  organization = {IEEE},
}

@article{lam1992limits,
  author = 	{Lam, M.. and Wilson, R.},
  title = 	{Limits of control flow on parallelism},
  journal = 	{ACM SIGARCH Computer Architecture News},
  volume = 	{20},
  number = 	{2},
  year = 	{1992},
  issn = 	{0163-5964},
  pages = 	{46--57},
  numpages = 	{12},
  url = 	{http://doi.acm.org/10.1145/146628.139702},
  doi = 	{10.1145/146628.139702},
  acmid = 	{139702},
  publisher = 	{ACM Press},
}

@article{hu2003role,
  title = 	{The role of return value prediction in exploiting speculative method-level parallelism},
  author = 	{Hu, S. and Bhargava, R. and others},
  journal = 	{Journal of Instruction-Level Parallelism},
  volume = 	{5},
  number = 	{1},
  year = 	{2003},
}

@article{riegel2006lazy,
  title = 	{A lazy snapshot algorithm with eager validation},
  author = 	{Riegel, T. and Felber, P. and Fetzer, C.},
  journal = 	{Distributed Computing},
  pages = 	{284--298},
  year = 	{2006},
  publisher = 	{Springer},
}

@article{steffan2000scalable,
  author = 	{Steffan, J. and Colohan, C. and Zhai, A. and Mowry, T.},
  title = 	{A scalable approach to thread-level speculation},
  journal = 	{ACM SIGARCH Computer Architecture News},
  volume = 	{28},
  number = 	{2},
  year = 	{2000},
  issn = 	{0163-5964},
  pages = 	{1--12},
  numpages = 	{12},
  url = 	{http://doi.acm.org/10.1145/342001.339650},
  doi = 	{10.1145/342001.339650},
  acmid = 	{339650},
  publisher = 	{ACM Press},
}

@article{haring2011bluegene,
  author = 	{Haring, R. and Ohmacht, M. and Fox, T. and Gschwind, M. and Boyle, P. and Chist, N.
and Kim, C. and Satterfield, D. and Sugavanam, K. and Coteus, P. and Heidelberger, P. and Blumrich,
M. and Wisniewski, R. and Gara, A. and Chiu, G.},
  journal = 	{Micro, IEEE},
  title = 	{The {IBM Blue Gene/Q} Compute Chip},
  year = 	{2011},
  doi = 	{10.1109/MM.2011.108},
  ISSN = 	{0272-1732},
}

@inproceedings{mehrara2011dynamic,
  title = 	{Dynamic parallelization of JavaScript applications using an ultra-lightweight
speculation mechanism},
  author = 	{Mehrara, M. and Hsu, P.C. and Samadi, M. and Mahlke, S.},
  booktitle = 	{17th International Symposium on High Performance Computer Architecture (HPCA-17)},
  pages = 	{87--98},
  year = 	{2011},
  organization = {IEEE},
}

@inproceedings{gal2009trace,
  title = 	{Trace-based just-in-time type specialization for dynamic languages},
  author = 	{Gal, A. and Eich, B. and Shaver, M. and Anderson, D. and Mandelin, D. and
Haghighat, M.R. and Kaplan, B. and Hoare, G. and Zbarsky, B. and Orendorff, J. and others},
  booktitle = 	{ACM SIGPLAN Notices},
  volume = 	{44},
  pages = 	{465--478},
  year = 	{2009},
  organization = {ACM},
}

@mastersthesis{schatti2008hotspec,
  title = 	{{HotSpec} - {A} Speculative {JVM}},
  author = 	{Schätti, G.},
  year = 	{2008},
  school = 	{Institute of Computer Systems, Swiss Federal Institute of Technology (ETH)}
}

@mastersthesis{costanza2007speculative,
  title = 	{Speculative multithreading in a {Java} virtual machine},
  author = 	{Costanza, G.},
  year = 	{2007},
  school = 	{Institute of Computer Systems, Swiss Federal Institute of Technology (ETH)}
}

@inproceedings{anjo2011lightweight,
  author = 	{Anjo, I. and Cachopo, J.},
  title = 	{Lightweight transactional arrays for read-dominated workloads},
  booktitle = 	{Proceedings of the 11th International Conference on Algorithms and Architectures for Parallel Processing (ICA3PP'11)},
  year = 	{2011},
  isbn = 	{978-3-642-24668-5},
  location = 	{Melbourne, Australia},
  volume = 	{II},
  pages = 	{1--13},
  numpages = 	{13},
  url = 	{http://dl.acm.org/citation.cfm?id=2075462.2075464},
  acmid = 	{2075464},
  publisher = 	{Springer-Verlag},
}

@inproceedings{carvalho2011harmful,
  author = 	{Carvalho, F. and Cachopo, J.},
  title = 	{{STM} with transparent {API} considered harmful},
  booktitle = 	{Proceedings of the 11th International Conference on Algorithms and Architectures for Parallel Processing (ICA3PP'11)},
  year = 	{2011},
  isbn = 	{978-3-642-24649-4},
  location = 	{Melbourne, Australia},
  volume = 	{I},
  pages = 	{326--337},
  numpages = 	{12},
  url = 	{http://dl.acm.org/citation.cfm?id=2075416.2075447},
  acmid = 	{2075447},
  publisher = 	{Springer-Verlag},
}

@conference{anjo2011speculating,
  title = 	{Speculating on top of an unmodified {Java VM}},
  author = 	{Anjo, I. and Cachopo, J.},
  booktitle = 	{2011 Workshop on Wild and Sane Ideas in Speculation and Transactions},
  year = 	{2011},
}

@misc{ortega2010continuation,
  title = 	{Continuation-based mobile agent migration},
  author = 	{Ortega-Ruiz, J. and others},
  year = 	{2010},
  url = 	{http://tinyurl.com/continuation-mobile-agent},
}

@article{vitek2004semantic,
  title = 	{A semantic framework for designer transactions},
  author = 	{Vitek, J. and Jagannathan, S. and Welc, A. and Hosking, A.},
  journal = 	{Programming Languages and Systems},
  pages = 	{249--263},
  year = 	{2004},
  publisher = 	{Springer},
}

@inproceedings{moore2008high,
  title = 	{High-level small-step operational semantics for transactions},
  author = 	{Moore, K. and Grossman, D.},
  booktitle = 	{ACM SIGPLAN Notices},
  volume = 	{43},
  pages = 	{51--62},
  year = 	{2008},
  organization = {ACM},
}

@conference{cachopo2010parallelizable,
  title = 	{Do we really need parallel programming or should we strive for parallelizable
programming instead?},
  author = 	{Cachopo, J.},
  booktitle = 	{SPLASH 2010 Workshop on Concurrency for the Application Programmer},
  year = 	{2010},
}

@techreport{diegues2012review,
  title = 	{Review of Nesting in Transactional Memory},
  author = 	{Diegues, N. and Cachopo, J.},
  year = 	{2012},
  institution = {INESC-ID},
  number = 	{RT/1/2012},
}

@inproceedings{pina2011profiling,
  author = 	{Pina, L. and Cachopo, J.},
  title = 	{Profiling and tuning the performance of an {STM}-based concurrent program},
  booktitle = 	{Proceedings of the compilation of the co-located workshops on DSM'11, TMC'11, AGERE!'11, AOOPES'11, NEAT'11, \& VMIL'11 (SPLASH 2011)},
  year = 	{2011},
  isbn = 	{978-1-4503-1183-0},
  location = 	{Portland, Oregon, USA},
  pages = 	{105--110},
  numpages = 	{6},
  url = 	{http://doi.acm.org/10.1145/2095050.2095069},
  doi = 	{10.1145/2095050.2095069},
  acmid = 	{2095069},
  publisher = 	{ACM Press},
}

@mastersthesis{baptista2011task,
  title = 	{Task Scheduling in Speculative Parallelization},
  author = 	{Baptista, D.B.},
  year = 	{2011},
  school = 	{Instituto Superior Técnico},
}

@techreport{blundell2006unrestricted,
  title = 	{Unrestricted transactional memory: Supporting {I/O} and system calls within transactions},
  author = 	{Blundell, C. and Lewis, E.C. and Martin, M.},
  year = 	{2006},
  institution = {Department of Computer \& Information Science, University of Pennsylvania},
}

@article{harris2005exceptions,
  title = 	{Exceptions and side-effects in atomic blocks},
  author = 	{Harris, T.},
  journal = 	{Science of Computer Programming},
  volume = 	{58},
  number = 	{3},
  pages = 	{325--343},
  year = 	{2005},
  publisher = 	{Elsevier},
}

@inproceedings{zilles2006extending,
  title = 	{Extending hardware transactional memory to support non-busy waiting and non-transactional actions},
  author = 	{Zilles, C. and Baugh, L.},
  booktitle = 	{1st ACM SIGPLAN Workshop on Languages, Compilers, and Hardware Support for Transactional Computing (TRANSACT)},
  year = 	{2006},
}

@inproceedings{whaley2005heuristics,
  author = 	{Whaley, J. and Kozyrakis, C.},
  title = 	{Heuristics for Profile-Driven Method-Level Speculative Parallelization},
  booktitle = 	{Proceedings of the 2005 International Conference on Parallel Processing (ICPP '05)},
  year = 	{2005},
  isbn = 	{0-7695-2380-3},
  pages = 	{147--156},
  numpages = 	{10},
  doi = 	{10.1109/ICPP.2005.44},
  acmid = 	{1079387},
  publisher = 	{IEEE Computer Society},
}

@inproceedings{bradel2009trace,
  author = 	{Bradel, B. and Abdelrahman, T.},
  title = 	{The use of hardware transactional memory for the trace-based parallelization of recursive {Java} programs},
  booktitle = 	{7th International Conference on Principles and Practice of Programming in Java (PPPJ 2009)},
  year = 	{2009},
  isbn = 	{978-1-60558-598-7},
  location = 	{Calgary, Alberta, Canada},
  pages = 	{101--110},
  numpages = 	{10},
  url = 	{http://doi.acm.org/10.1145/1596655.1596671},
  doi = 	{10.1145/1596655.1596671},
  acmid = 	{1596671},
  publisher = 	{ACM Press},
}

@article{zhang2009futures,
  author = 	{Zhang, L. and Krintz, C.},
  title = 	{As-if-serial exception handling semantics for {Java} futures},
  journal = 	{Science of Computer Programming},
  volume = 	{74},
  number = 	{5-6},
  year = 	{2009},
  issn = 	{0167-6423},
  pages = 	{314--332},
  numpages = 	{19},
  url = 	{http://dx.doi.org/10.1016/j.scico.2009.01.006},
  doi = 	{10.1016/j.scico.2009.01.006},
  acmid = 	{1518658},
  publisher = 	{Elsevier},
}

%clean
@inproceedings{anjo2012mls,
  author = 	{Anjo, I. and Cachopo, J.},
  title = 	{A Software-based Method-Level Speculation Framework for the {Java} Platform},
  booktitle = 	{Proceedings of the 25th International Conference on Languages and Compilers
for Parallel Computing (LCPC 2012)},
  year = 	{2013},
  publisher = 	{Springer-Verlag},
  url = 	{http://dx.doi.org/10.1007/978-3-642-37658-0_14},
  pages = 	{205-219},
  isbn = 	{978-3-642-37657-3},
  doi = 	{10.1007/978-3-642-37658-0_14},
  numpages = 	{15},
}

@Misc{www:rifecont,
  author = 	{{RIFE Team}},
  title = 	{{RIFE : Web continuations}},
  year = 	{2006},
  url = 	{http://rifers.org/wiki/display/RIFE/Web%20continuations.html},
}

@article{haynes1986coroutines,
  author = 	{Haynes, C. and Friedman, D. and Wand, M.},
  title = 	{Obtaining coroutines with continuations},
  journal = 	{Comput. Lang.},
  issue_date = 	{1986},
  volume = 	{11},
  number = 	{3-4},
  year = 	{1986},
  issn = 	{0096-0551},
  pages = 	{143--153},
  numpages = 	{11},
  url = 	{http://dx.doi.org/10.1016/0096-0551(86)90007-X},
  doi = 	{10.1016/0096-0551(86)90007-X},
  acmid =	{17656},
  publisher = 	{Pergamon Press, Inc.},
  address = 	{Tarrytown, NY, USA},
}

@inproceedings{tismer2000continuations,
  title = 	{Continuations and stackless Python},
  author = 	{Tismer, C.},
  booktitle = 	{Proceedings of the 8th International Python Conference},
  year = 	{2000},
}

@inproceedings{kavi2008nonblocking,
  author = 	{Kavi, K. and Li, W. and Hurson, A.},
  title = 	{A Non-blocking Multithreaded Architecture with Support for Speculative Threads},
  booktitle = 	{Proceedings of the 8th International Conference on Algorithms and Architectures for Parallel Processing (ICA3PP'08)},
  year = 	{2008},
  isbn = 	{978-3-540-69500-4},
  location = 	{Agia Napa, Cyprus},
  pages = 	{173--184},
  numpages = 	{12},
  url = 	{http://dx.doi.org/10.1007/978-3-540-69501-1_19},
  acmid = 	{1423757},
  publisher = 	{Springer-Verlag},
}

@article{FreeLunchIsOver,
  added-at = {2008-09-03T09:42:11.000+0200},
  author = {Sutter, Herb},
  biburl = {https://www.bibsonomy.org/bibtex/2215f355123504f02d0ddb1b40292abeb/gron},
  interhash = {1540da30b9424bf778012a96f1192730},
  intrahash = {215f355123504f02d0ddb1b40292abeb},
  journal = {Dr. Dobb’s Journal},
  keywords = {Concurrency PhD Proposal},
  number = 3,
  pages = {202--210},
  timestamp = {2008-09-03T09:42:12.000+0200},
  title = {The Free Lunch Is Over: A Fundamental Turn Toward Concurrency in Software},
  url = {http://www.gotw.ca/publications/concurrency-ddj.htm},
  volume = 30,
  year = 2005
}

@book{CompArchBook,
author = {Patterson, David A. and Hennessy, John L.},
title = {Computer Architecture: A Quantitative Approach},
year = {1990},
isbn = {1558800698},
publisher = {Morgan Kaufmann Publishers Inc.},
address = {San Francisco, CA, USA}
}

@book{ArtMultiprocessorProgramming,
author = {Herlihy, Maurice and Shavit, Nir},
title = {The Art of Multiprocessor Programming},
year = {2008},
isbn = {0123705916},
publisher = {Morgan Kaufmann Publishers Inc.},
address = {San Francisco, CA, USA}
}

@inproceedings{CMT,
author = {Harris, Tim and Marlow, Simon and Peyton-Jones, Simon and Herlihy, Maurice},
title = {Composable Memory Transactions},
year = {2005},
isbn = {1595930809},
publisher = {Association for Computing Machinery},
address = {New York, NY, USA},
url = {https://doi.org/10.1145/1065944.1065952},
doi = {10.1145/1065944.1065952},
booktitle = {Proceedings of the Tenth ACM SIGPLAN Symposium on Principles and Practice of Parallel Programming},
pages = {48–60},
numpages = {13},
keywords = {locks, transactions, non-blocking algorithms},
location = {Chicago, IL, USA},
series = {PPoPP ’05}
}

@article{DennardScaling,
  added-at = {2009-08-03T17:24:55.000+0200},
  author = {Dennard, R.H. and Gaensslen, F.H. and Rideout, V.L. and Bassous, E. and LeBlanc, A.R.},
  biburl = {https://www.bibsonomy.org/bibtex/2161d4a61076f3514c05d1789bd4d98e5/derkling},
  doi = {http://dx.doi.org/10.1023/A:1008373903657},
  interhash = {7e33b773ed8f386e24a9abe0c19528d2},
  intrahash = {161d4a61076f3514c05d1789bd4d98e5},
  issn = {0018-9200},
  journal = {Solid-State Circuits, IEEE Journal of},
  keywords = {PhD_Biblio PhD_Context circuits device digital integrated manufacture semiconductor},
  month = Oct,
  number = 5,
  pages = {256-268},
  timestamp = {2009-08-26T10:38:40.000+0200},
  title = {Design of ion-implanted MOSFET's with very small physical dimensions},
  url = {http://ieeexplore.ieee.org/xpl/freeabs_all.jsp?tp=&arnumber=1050511&isnumber=22538},
  volume = 9,
  year = 1974
}

@article{MooreLaw,
  added-at = {2009-01-04T17:09:31.000+0100},
  author = {Moore, Gordon E.},
  biburl = {https://www.bibsonomy.org/bibtex/2867f7a1c71867074780e958c5cec38e4/lysander07},
  interhash = {886de6a8be647a56cc3de71d50149f5e},
  intrahash = {867f7a1c71867074780e958c5cec38e4},
  journal = {Electronics},
  keywords = {www01 wwwbuch wwwkap1},
  month = {April},
  number = 8,
  timestamp = {2009-01-27T15:24:50.000+0100},
  title = {Cramming more components onto integrated circuits},
  volume = 38,
  year = 1965
}

@book{CSP,
author = {Hoare, C. A. R.},
title = {Communicating Sequential Processes},
year = {1985},
isbn = {0131532715},
publisher = {Prentice-Hall, Inc.},
address = {USA}
}

@book{CCS,
author = {Milner, R.},
title = {A  Calculus of Communicating Systems},
year = {1982},
isbn = {0387102353},
publisher = {Springer-Verlag},
address = {Berlin, Heidelberg}
}
  
@book{TMBook,
author = {Harris, Tim and Larus, James and Rajwar, Ravi},
title = {Transactional Memory, 2nd Edition},
year = {2010},
isbn = {1608452352},
publisher = {Morgan and Claypool Publishers},
edition = {2nd}
}
  
@inproceedings{STM,
  added-at = {2008-09-03T10:18:13.000+0200},
  address = {New York, NY, USA},
  author = {Shavit, Nir and Touitou, Dan},
  biburl = {https://www.bibsonomy.org/bibtex/20f08cc66df8e4cee1be301f48a523227/gron},
  booktitle = {PODC '95: Proceedings of the fourteenth annual ACM symposium on Principles of distributed computing},
  description = {Software transactional memory},
  doi = {10.1145/224964.224987},
  interhash = {7658c9fb17077d0ad579b626a9508855},
  intrahash = {0f08cc66df8e4cee1be301f48a523227},
  isbn = {0-89791-710-3},
  keywords = {PhD Proposal STM TransactionalMemory},
  location = {Ottowa, Ontario, Canada},
  pages = {204--213},
  publisher = {ACM},
  timestamp = {2013-08-05T19:02:38.000+0200},
  title = {Software Transactional Memory},
  year = 1995
}

@article{Toy,
 author = {Cascaval, Calin and Blundell, Colin and Michael, Maged and Cain, Harold W. and Wu, Peng and Chiras, Stefanie and Chatterjee, Siddhartha},
 title = {Software Transactional Memory: Why Is It Only a Research Toy?},
 year = {2008},
 issue_date = {September 2008},
 publisher = {Association for Computing Machinery},
 address = {New York, NY, USA},
 volume = {6},
 number = {5},
 issn = {1542-7730},
 url = {https://doi.org/10.1145/1454456.1454466},
 doi = {10.1145/1454456.1454466},
 journal = {Queue},
 month = sep,
 pages = {46–58},
 numpages = {13}
}

@Misc{jvstm,
  key = 	{JVSTM},
  author = 	{JVSTM},
  year =        2020,
  title = 	{{Java Versioned Software Transactional Memory}},
  url = 	{http://web.ist.utl.pt/joao.cachopo/jvstm/},
}

@article{MoreThanToy,
author = {Dragojevi\'{c}, Aleksandar and Felber, Pascal and Gramoli, Vincent and Guerraoui, Rachid},
title = {Why STM Can Be More than a Research Toy},
year = {2011},
issue_date = {April 2011},
publisher = {Association for Computing Machinery},
address = {New York, NY, USA},
volume = {54},
number = {4},
issn = {0001-0782},
url = {https://doi.org/10.1145/1924421.1924440},
doi = {10.1145/1924421.1924440},
journal = {Commun. ACM},
month = apr,
pages = {70–77},
numpages = {8}
}

@article{STMBench7,
  title = 	{{STMBench7: a benchmark for software transactional memory}},
  author = 	{Guerraoui, R. and Kapalka, M. and Vitek, J.},
  journal = 	{ACM SIGOPS Operating Systems Review},
  volume = 	{41},
  number = 	{3},
  pages = 	{315--324},
  issn = 	{0163-5980},
  year = 	{2007},
  publisher = 	{ACM Press},
}

@article{VBox,
  title = 	{{Versioned boxes as the basis for memory transactions}},
  author = 	{Cachopo, J. and Rito-Silva, A.},
  journal = 	{Science of Computer Programming},
  volume = 	{63},
  number = 	{2},
  pages = 	{172--185},
  year = 	{2006},
  publisher = 	{Elsevier},
}

@inproceedings{Opacity,
author = {Guerraoui, Rachid and Kapalka, Michal},
title = {On the Correctness of Transactional Memory},
year = {2008},
isbn = {9781595937957},
publisher = {Association for Computing Machinery},
address = {New York, NY, USA},
url = {https://doi.org/10.1145/1345206.1345233},
doi = {10.1145/1345206.1345233},
booktitle = {Proceedings of the 13th ACM SIGPLAN Symposium on Principles and Practice of Parallel Programming},
pages = {175–184},
numpages = {10},
keywords = {model, correctness, lower bound, transactional memory},
location = {Salt Lake City, UT, USA},
series = {PPoPP ’08}
}

@article{Serialisability,
author = {Papadimitriou, Christos H.},
title = {The Serializability of Concurrent Database Updates},
year = {1979},
issue_date = {October 1979},
publisher = {Association for Computing Machinery},
address = {New York, NY, USA},
volume = {26},
number = {4},
issn = {0004-5411},
url = {https://doi.org/10.1145/322154.322158},
doi = {10.1145/322154.322158},
journal = {J. ACM},
month = oct,
pages = {631–653},
numpages = {23}
}

